@misc{freefilesync,
  title={FreeFileSync},
  author={ZenJu},
  note={Disponível em: http://sourceforge.net/projects/freefilesync/}
}

@misc{dropbox,
  title={Dropbox},
  author={Dropbox Inc.},
  note={Disponível em: https://www.dropbox.com}
}

@misc{box,
  title={Box},
  author={Box Inc.},
  note={Disponível em: https://www.box.com}
}

@misc{googledrive,
  title={Google Drive},
  author={Google Inc.},
  note={Disponível em: https://drive.google.com}
}

@misc{icloud,
  title={Apple iCloud Drive},
  author={Apple Inc.},
  note={Disponível em: http://www.apple.com/icloud/icloud-drive/},
}

@misc{onedrive,
  title={Microsoft OneDrive},
  author={Microsoft Corporation},
  note={Disponível em: https://onedrive.live.com}
}

@misc{python,
  title={Python},
  author={Guido van Rossum},
  note={Disponível em: https://www.python.org/}
}

@misc{woof,
  title={Woof},
  author={Simon Budig},
  note={Disponível em: http://www.home.unix-ag.org/simon/woof.html}
}

@misc{json,
  title={JSON},
  note={Disponível em: http://www.json.org/}
}

@misc{pythonsockets,
  title={Socket Programming HOWTO},
  note={Disponível em: https://docs.python.org/2.7/howto/sockets.html}
}

@article{cerf2005protocol,
  title={A protocol for packet network intercommunication},
  author={Cerf, Vinton G and Icahn, Robert E},
  journal={ACM SIGCOMM Computer Communication Review},
  volume={35},
  number={2},
  pages={71--82},
  year={2005},
  publisher={ACM}
}

@misc{rfc959,
  title={RFC 959: File transfer protocol},
  author={Postel, Jon and Reynolds, Joyce},
  year={1985},
  note={https://tools.ietf.org/html/rfc959}
}

@misc{rfc2068,
  title={RFC 2068: Hypertext Transfer Protocol—HTTP/1.1},
  author={Fielding, R and Gettys, J and Mogul, J and Frystyk, H and Berners-Lee, T},
  year={1997},
  journal={Status: PROPOSED STANDARD}
}