@book{coulouris2005distributed,
  title={Distributed systems: concepts and design},
  author={Coulouris, George F and Dollimore, Jean and Kindberg, Tim},
  year={2005},
  publisher={pearson education}
}

@misc{freefilesync,
  title={FreeFileSync},
  author={ZenJu},
  url={http://sourceforge.net/projects/freefilesync/}
}

@misc{dropbox,
  title={Dropbox},
  author={Dropbox, Inc.},
  url={https://www.dropbox.com}
}

@misc{box,
  title={Box},
  author={Box Inc.},
  url={https://www.box.com}
}

@misc{googledrive,
  title={Google Drive},
  author={Google Inc.},
  url={https://drive.google.com}
}

@misc{icloud,
  title={Apple iCloud Drive},
  author={Apple Inc.},
  url={http://www.apple.com/icloud/icloud-drive/},
}

@misc{onedrive,
  title={Microsoft OneDrive},
  author={Microsoft Corporation},
  url={https://onedrive.live.com}
}

@misc{python,
  title={Python},
  author={Guido van Rossum},
  url={https://www.python.org/}
}

@misc{woof,
  title={Woof},
  author={Simon Budig},
  url={http://www.home.unix-ag.org/simon/woof.html}
}

@PhdThesis{tese1,
  author = 	 {Mané, Zé},
  title = 	 {Exemplo dp Ze},
  school = 	 {UFPR},
  year = 	 {1989},
  month =        {}#sep
}

@Article{artigo1,
  author = 	 {Mané, Zeca},
  title = 	 {Exemplo do Zeca},
  journal = 	 {Revista de testes do Ze},
  year = 	 {1999},
  volume = 	 {2},
  number = 	 {73},
  pages = 	 {183--199}
}

@misc{cane2000file,
  title={File comparison for data backup and file synchronization},
  author={Cane, D. and Hirschman, D. and Speare, P. and Vaitzblit, L. and Marson, H.},
  url={http://www.google.com/patents/US6101507},
  year={2000},
  month=aug # "~8",
  publisher={Google Patents},
  note={US Patent 6,101,507}
}